<?xml version="1.0" encoding="UTF-8"?><collection xmlns="http://www.loc.gov/MARC21/slim"><record><leader>00383nam--2200145-i-4500</leader><controlfield tag="001">000024013</controlfield><controlfield tag="002">20161230</controlfield><controlfield tag="005">20161230201035</controlfield><controlfield tag="008">060222s1000------------r-----000-0-eng-d</controlfield><datafield ind1=" " ind2=" " tag="080"><subfield code="a">517=03,82(075,8)</subfield></datafield><datafield ind1=" " ind2=" " tag="100"><subfield code="a">Hincin, A.I</subfield></datafield><datafield ind1=" " ind2=" " tag="245"><subfield code="a">Curs scurt de analiza matematica</subfield></datafield><datafield ind1=" " ind2=" " tag="260"><subfield code="a">Bucuresti, Ed.Tehnica, 1956, 709 P.+ Erata</subfield></datafield><datafield ind1=" " ind2=" " tag="852"><subfield code="a">47600</subfield><subfield code="c">517</subfield></datafield><datafield ind1=" " ind2=" " tag="CAT"><subfield code="a">Sys</subfield><subfield code="c">20080707</subfield><subfield code="h">123720</subfield></datafield></record></collection>